@inproceedings{heer2015predictive,
  title={Predictive Interaction for Data Transformation.},
  author={Heer, Jeffrey and Hellerstein, Joseph M and Kandel, Sean},
  booktitle={CIDR},
  year={2015},
  url={https://idl.cs.washington.edu/files/2015-PredictiveInteraction-CIDR.pdf}
}

@article{ruotsalo2014intent,
 author = {Ruotsalo, Tuukka and Jacucci, Giulio and Myllymaki, Petri and Kaski, Samuel},
 title = {Interactive Intent Modeling: Information Discovery Beyond Search},
 journal = {Commun. ACM},
 issue_date = {January 2015},
 volume = {58},
 number = {1},
 month = dec,
 year = {2014},
 issn = {0001-0782},
 pages = {86--92},
 numpages = {7},
 url = {http://doi.acm.org/10.1145/2656334},
 doi = {10.1145/2656334},
 acmid = {2656334},
 publisher = {ACM},
 address = {New York, NY, USA},
}

@inproceedings{bridle2005predictive,
  title={Predictive Menu Selection on a Mobile Phone},
  author={Bridle, Robert and McCreath, Eric and others},
  url={http://users.cecs.anu.edu.au/~Eric.McCreath/papers/mining05.pdf},
  booktitle={Workshop W7 on mining spatio-temporal data, Portugal},
  year={2005}
}

@misc{schlumberg2014predictive,
  author={ Boneti, Carlos Santieri de Figueiredo and Houeto, Fabien and Kiehn, Bobby and Lessard, Rodney},
  title={Predictive user interface},
  url={https://patentimages.storage.googleapis.com/15/35/6a/861d0a0bcf2d37/US20160034139A1.pdf},
  publisher={Schlumberger Technology Corporation}, 
  month=aug # "~1",
  year={2014},
  note={US Patent 20160034139A1}
}

@inproceedings{gajos2008predictability,
 author = {Gajos, Krzysztof Z. and Everitt, Katherine and Tan, Desney S. and Czerwinski, Mary and Weld, Daniel S.},
 title = {Predictability and Accuracy in Adaptive User Interfaces},
 booktitle = {Proceedings of the SIGCHI Conference on Human Factors in Computing Systems},
 series = {CHI '08},
 year = {2008},
 isbn = {978-1-60558-011-1},
 location = {Florence, Italy},
 pages = {1271--1274},
 numpages = {4},
 url = {http://doi.acm.org/10.1145/1357054.1357252},
 doi = {10.1145/1357054.1357252},
 acmid = {1357252},
 publisher = {ACM},
 address = {New York, NY, USA},
 keywords = {accuracy, adaptive interfaces, predictability, user study},
}

@inproceedings{ahmad2018selection,
 author = {Ahmad, Bashar I. and Hare, Chrisminder and Singh, Harpreet and Shabani, Arber and Lindsay, Briana and Skrypchuk, Lee and Langdon, Patrick and Godsill, Simon},
 title = {Selection Facilitation Schemes for Predictive Touch with Mid-air Pointing Gestures in Automotive Displays},
 booktitle = {Proceedings of the 10th International Conference on Automotive User Interfaces and Interactive Vehicular Applications},
 series = {AutomotiveUI '18},
 year = {2018},
 isbn = {978-1-4503-5946-7},
 location = {Toronto, ON, Canada},
 pages = {21--32},
 numpages = {12},
 url = {http://doi.acm.org/10.1145/3239060.3239067},
 doi = {10.1145/3239060.3239067},
 acmid = {3239067},
 publisher = {ACM},
 address = {New York, NY, USA},
 keywords = {Displays, human computer interaction, intent prediction, mid-air selection, pointing gesture, user interface},
}

@inproceedings{gobel2016importance,
 author = {G\"{o}bel, Fabian and Giannopoulos, Ioannis and Raubal, Martin},
 title = {The Importance of Visual Attention for Adaptive Interfaces},
 booktitle = {Proceedings of the 18th International Conference on Human-Computer Interaction with Mobile Devices and Services Adjunct},
 series = {MobileHCI '16},
 year = {2016},
 isbn = {978-1-4503-4413-5},
 location = {Florence, Italy},
 pages = {930--935},
 numpages = {6},
 url = {http://doi.acm.org/10.1145/2957265.2962659},
 doi = {10.1145/2957265.2962659},
 acmid = {2962659},
 publisher = {ACM},
 address = {New York, NY, USA},
 keywords = {gaze-based interaction, interface adaptation, visual attention},
}

@inproceedings{cig2014gaze,
 author = {\c{C}\i\u{g}, \c{C}a\u{g}la and Sezgin, Tevfik Metin},
 title = {Gaze-Based Virtual Task Predictor},
 booktitle = {Proceedings of the 7th Workshop on Eye Gaze in Intelligent Human Machine Interaction: Eye-Gaze \&\#38; Multimodality},
 series = {GazeIn '14},
 year = {2014},
 isbn = {978-1-4503-0125-1},
 location = {Istanbul, Turkey},
 pages = {9--14},
 numpages = {6},
 url = {http://doi.acm.org/10.1145/2666642.2666647},
 doi = {10.1145/2666642.2666647},
 acmid = {2666647},
 publisher = {ACM},
 address = {New York, NY, USA},
 keywords = {feature representation, gaze-based interfaces, multimodal databases, multimodal interaction, predictive interfaces, sketch-based interaction},
}

@inproceedings{manabe2009recognition,
 author = {Manabe, Hiroyuki and Fukumoto, Masaaki},
 title = {P-recognition: You Are Already Recognized},
 booktitle = {CHI '09 Extended Abstracts on Human Factors in Computing Systems},
 series = {CHI EA '09},
 year = {2009},
 isbn = {978-1-60558-247-4},
 location = {Boston, MA, USA},
 pages = {3901--3906},
 numpages = {6},
 url = {http://doi.acm.org/10.1145/1520340.1520591},
 doi = {10.1145/1520340.1520591},
 acmid = {1520591},
 publisher = {ACM},
 address = {New York, NY, USA},
 keywords = {gesture recognition, hover, map navigation, mode, pan \& zoom, predictive interface, stroke recognition, stylus pen},
}

@inproceedings{xia2014zerolatency,
 author = {Xia, Haijun and Jota, Ricardo and McCanny, Benjamin and Yu, Zhe and Forlines, Clifton and Singh, Karan and Wigdor, Daniel},
 title = {Zero-latency Tapping: Using Hover Information to Predict Touch Locations and Eliminate Touchdown Latency},
 booktitle = {Proceedings of the 27th Annual ACM Symposium on User Interface Software and Technology},
 series = {UIST '14},
 year = {2014},
 isbn = {978-1-4503-3069-5},
 location = {Honolulu, Hawaii, USA},
 pages = {205--214},
 numpages = {10},
 url = {http://doi.acm.org/10.1145/2642918.2647348},
 doi = {10.1145/2642918.2647348},
 acmid = {2647348},
 publisher = {ACM},
 address = {New York, NY, USA},
 keywords = {latency, model, pre-touch, prediction},
}

@inproceedings{aiyoshizawa2016pzboard,
 author = {Aiyoshizawa, Toshiaki and Koarai, Naoto and Komuro, Takashi},
 title = {PZBoard: A Prediction-based Zooming Interface for Supporting Text Entry on a Mobile Device},
 booktitle = {Proceedings of the 18th International Conference on Human-Computer Interaction with Mobile Devices and Services Adjunct},
 series = {MobileHCI '16},
 year = {2016},
 isbn = {978-1-4503-4413-5},
 location = {Florence, Italy},
 pages = {627--632},
 numpages = {6},
 url = {http://doi.acm.org/10.1145/2957265.2961828},
 doi = {10.1145/2957265.2961828},
 acmid = {2961828},
 publisher = {ACM},
 address = {New York, NY, USA},
 keywords = {hover input, text entry, touch-screen, zooming interface},
}

@inproceedings{quinn2016costbenefit,
 author = {Quinn, Philip and Zhai, Shumin},
 title = {A Cost-Benefit Study of Text Entry Suggestion Interaction},
 booktitle = {Proceedings of the 2016 CHI Conference on Human Factors in Computing Systems},
 series = {CHI '16},
 year = {2016},
 isbn = {978-1-4503-3362-7},
 location = {San Jose, California, USA},
 pages = {83--88},
 numpages = {6},
 url = {http://doi.acm.org/10.1145/2858036.2858305},
 doi = {10.1145/2858036.2858305},
 acmid = {2858305},
 publisher = {ACM},
 address = {New York, NY, USA},
 keywords = {interface assertiveness, mobile text entry, predictive interfaces},
} 